

@misc{tomigradu,
title={{BCS-teoriaa kolmikomponenttisessa kylm\"ass\"a fermikaasussa}}
author={Tomi Paananen}
publisher={University of Jyv\"askyl\"a}
year={2005}
month={Dec}
}

@book{tinkham,
  title={{Introduction to superconductivity}},
  author={Tinkham, M.},
  year={2004},
  publisher={Dover}
}

@book{fw,
title = {{Quantum theory of many-particle systems}}
author = {A. Fetter, J. D. Walecka}
year = {2002}
publisher = {Dover}
}